@misc{volatility,
  author = "Investopedia",
  title  = "Volatility",
  url    = "http://www.investopedia.com/terms/v/volatility.asp"
}

@misc{euro_option,
  author = "Investopedia",
  title  = "European Option",
  url    = "http://www.investopedia.com/terms/e/europeanoption.asp"
}

@INPROCEEDINGS{stoc_prog_option,
  title={Pricing options on scenario trees},
  author={Topaloglou, Nikolas and Vladimirou, Hercules and Zenios, Stavros A},
  journal={Journal of Banking \& Finance},
  volume={32},
  number={2},
  pages={283--298},
  year={2008},
  publisher={Elsevier}
}

@book{jarrow1983option,
  title={Option pricing},
  author={Jarrow, Robert A and Rudd, Andrew},
  year={1983},
  publisher={Dow Jones-Irwin Homewood, IL}
}

@article{jrudd_impl,
  title={IMPLEMENTING OPTION PRICING MODELS USING PYTHON AND CYTHON},
  author={Dasa, Sanjiv and Grangerb, Brian},
  journal={JOURNAL OF INVESTMENT MANAGEMENT},
  volume={8},
  number={4},
  pages={1--12},
  year={2010}
}

@misc{jrudd_other,
  author = "Goddard Consulting",
  title  = "Option Pricing - Alternative Binomial Models",
  url    = "http://www.goddardconsulting.ca/option-pricing-binomial-alts.html"
}

@techreport{diversity,
  author      = "David Fehr",
  title       = "Creating and Monitoring A Diversified Stock Portfolio",
  institution = "FINRA and Southern New Hampshire University",
  year        = "2010",
  month       = "January",
  url         = "http://www.finrafoundation.org/web/groups/foundation/@foundation/documents/foundation/p118404.pdf"
}

@book{tirole2010theory,
  title={The theory of corporate finance},
  author={Tirole, Jean},
  year={2010},
  publisher={Princeton University Press}
}

@misc{AD_secs,
  author = "Daniel A. Hartley",
  title  = "Economics 136: Financial Economics; Week 4; UC Berkeley",
  month  = "September",
  year   = "2006",
  url    = "http://www.ocf.berkeley.edu/~dhartley/documents/week_4_section.pdf"
}

@misc{bin_tree,
  author = "Alan Holland",
  title  = "The Binomial Model; Stochastic Optimisation and Derivatives",
  url    = "http://www.4c.ucc.ie/~aholland/bordgais/BG_Ch5.pdf"
}